@online{aboutfem2016,
title = "About FEM",
url = "https://intranet.birmingham.ac.uk/collaboration/hpc-research/fem/about/index.aspx",
urldate = "2016-07-26",
year = "2016"
}
@article{bearman1984,
author = "P. Bearman",
journal = "Annual Review of Fluid Mechanics",
doi = "10.1146/annurev.fluid.16.1.195",
issn = "0066-4189",
number = "1",
pages = "195-222",
publisher = "Annual Reviews",
title = "Vortex shedding from oscillating bluff bodies",
volume = "16",
year = "1984",
month = "01",
day = "01"
}
@techreport{deweck2004,
author = "Olivier De Weck and Yong Il",
title = "Finite element method MIT lecture note",
url = "http://web.mit.edu/16.810/www/16.810\_L4\_CAE.pdf",
urldate = "2016-07-26",
year = "2004"
}
@inreference{finiteelementmethod2016,
booktitle = "Wikipedia",
publisher = "Wikimedia Foundation",
title = "Finite element method",
url = "https://en.wikipedia.org/wiki/Finite\_element\_method",
urldate = "2016-07-26",
year = "2016",
month = "07",
day = "06"
}
@article{zhao2013,
author = "Ming Zhao",
journal = "Physics of Fluids",
doi = "10.1063/1.4832956",
issn = "1070-6631",
number = "12",
pages = "123601",
publisher = "AIP Publishing",
title = "Flow induced vibration of two rigidly coupled circular cylinders in tandem and side-by-side arrangements at a low Reynolds number of 150",
volume = "25",
year = "2013"
}
