@online{bakker2002,
author = "Andr{\' e} Bakker",
title = "Lecture 12 -large Eddy simulation applied computational fluid dynamics",
url = "http://www.bakker.org/dartmouth06/engs150/12-les.pdf",
urldate = "2015-12-08",
year = "2002"
}
@online{barcock2014,
author = "Carl Barcock",
title = "RR Virtual Engine",
url = "https://connect.innovateuk.org/documents/3329929/12298392/The+Virtual+Engine+-+Carl+Barcock,\%20Rolls-Royce.pdf/3a87ffa6-3e9a-4f79-b137-9584516f7fb9",
urldate = "2015-12-09",
year = "2014"
}
@online{coleman2010,
author = "Gary N Coleman and Richard D Sandberg",
title = "A Primer on direct numerical simulation of turbulence – methods, procedures and guidelines",
url = "http://eprints.soton.ac.uk/66182/1/A\_primer\_on\_DNS.pdf",
urldate = "2015-12-08",
year = "2010"
}
@online{denton1999,
author = "J. D. Denton and W. N. Dawes",
title = "Computational fluid dynamics for turbomachinery design",
url = "http://www.ewp.rpi.edu/hartford/\textasciitidleernesto/F2011/EP/MaterialsforStudents/Straccia/Denton1999.pdf",
urldate = "2015-12-09",
year = "1999"
}
@article{desai2003,
author = "S. S. Desai",
journal = "CURRENT SCIENCE,",
number = "1",
title = "Relative roles of computational fluid dynamics and wind tunnel testing in the development of aircraft",
volume = "84",
year = "2003",
month = "01",
day = "10"
}
@inreference{directnumericalsimulation2015,
booktitle = "Wikipedia",
publisher = "Wikimedia Foundation",
title = "Direct numerical simulation",
url = "https://en.wikipedia.org/wiki/Direct\_numerical\_simulation\#cite\_ref-1",
urldate = "2015-12-08",
year = "2015",
month = "02",
day = "05"
}
@online{eggenspieler2012,
author = "Gilles Eggenspieler and  Senior",
title = "Turbulence Modelling",
url = "http://fluid.itcmp.pwr.wroc.pl/\textasciitidlepblasiak/CFD/UsefulInformation/turbulence-summary-4.pdf",
urldate = "2015-12-08",
year = "2012"
}
@inreference{largeeddysimulation2015,
booktitle = "Wikipedia",
publisher = "Wikimedia Foundation",
title = "Large eddy simulation",
url = "https://en.wikipedia.org/wiki/Large\_eddy\_simulation",
urldate = "2015-12-08",
year = "2015",
month = "09",
day = "22"
}
@article{moroz2005,
author = "Leonid Moroz and Yuri Govoruschenko and Petr Pagur",
journal = "Volume 6: Turbo Expo 2005, Parts A and B",
doi = "10.1115/gt2005-68614",
isbn = "9780791847305",
publisher = "ASME International",
title = "Axial turbine stage design: 1D/2D/3D simulation, experiment, optimization — design of single stage test air turbine models and validation of 1D/2D/3D aerodynamic computation results against test data",
year = "2005"
}
@inreference{obliqueshock2015,
booktitle = "Wikipedia",
publisher = "Wikimedia Foundation",
title = "Oblique shock",
url = "https://en.wikipedia.org/wiki/Oblique\_shock",
urldate = "2015-12-07",
year = "2015",
month = "09",
day = "07"
}
@inreference{prandtlmeyerexpansionfan2015,
booktitle = "Wikipedia",
publisher = "Wikimedia Foundation",
title = "Prandtl–Meyer expansion fan",
url = "https://en.wikipedia.org/wiki/Prandtl\%E2\%80\%93Meyer\_expansion\_fan",
urldate = "2015-12-07",
year = "2015",
month = "08",
day = "05"
}
@inreference{reynoldsaveragednavierstokesequations2015,
booktitle = "Wikipedia",
publisher = "Wikimedia Foundation",
title = "Reynolds-averaged Navier–Stokes equations",
url = "https://en.wikipedia.org/wiki/Reynolds-averaged\_Navier\%E2\%80\%93Stokes\_equations\#cite\_note-1",
urldate = "2015-12-09",
year = "2015",
month = "03",
day = "20"
}
@article{sengupta2008,
author = "Kaustav Sengupta and Farzad Mashayek and Gustaaf Jacobs",
journal = "46th AIAA Aerospace Sciences Meeting and Exhibit",
doi = "10.2514/6.2008-1450",
isbn = "9781624101281",
publisher = "American Institute of Aeronautics and Astronautics (AIAA)",
title = "Direct numerical simulation of turbulent flows using spectral method",
year = "2008",
month = "01",
day = "07"
}
@online{shockwavevalidation,
title = "ShockWaveValidation",
url = "http://www.software.ricardo.com/support/tutorials/vectis/Legacy/vectis3.10/ShockWaveValidation.htm",
urldate = "2015-12-07"
}
