%% This BibTeX bibliography file was created using BibDesk.
%% http://bibdesk.sourceforge.net/

%% Created for zhonglu lin at 2016-07-03 18:09:57 +0100 


%% Saved with string encoding Unicode (UTF-8) 



@article{zhao2013,
	Author = {Ming Zhao},
	Date-Added = {2016-07-03 16:55:30 +0000},
	Date-Modified = {2016-07-03 16:55:30 +0000},
	Doi = {10.1063/1.4832956},
	Issn = {1070-6631},
	Journal = {Physics of Fluids},
	Number = {12},
	Pages = {123601},
	Publisher = {AIP Publishing},
	Title = {Flow induced vibration of two rigidly coupled circular cylinders in tandem and side-by-side arrangements at a low Reynolds number of 150},
	Volume = {25},
	Year = {2013},
	Bdsk-Url-1 = {http://dx.doi.org/10.1063/1.4832956}}

@article{bearman1984,
	Author = {P. Bearman},
	Date-Added = {2016-07-03 15:18:37 +0000},
	Date-Modified = {2016-07-03 15:18:37 +0000},
	Day = {01},
	Doi = {10.1146/annurev.fluid.16.1.195},
	Issn = {0066-4189},
	Journal = {Annual Review of Fluid Mechanics},
	Month = {01},
	Number = {1},
	Pages = {195-222},
	Publisher = {Annual Reviews},
	Title = {Vortex shedding from oscillating bluff bodies},
	Volume = {16},
	Year = {1984},
	Bdsk-Url-1 = {http://dx.doi.org/10.1146/annurev.fluid.16.1.195}}

@article{guilmineau2002numerical,
	Author = {Guilmineau, Emmanuel and Queutey, P},
	Date-Added = {2016-06-30 13:22:00 +0000},
	Date-Modified = {2016-06-30 13:22:00 +0000},
	Journal = {Journal of Fluids and Structures},
	Number = {6},
	Pages = {773--794},
	Publisher = {Elsevier},
	Title = {A numerical simulation of vortex shedding from an oscillating circular cylinder},
	Volume = {16},
	Year = {2002}}

@article{krishnamoorthy2001crosss,
	Author = {Krishnamoorthy, S and Price, SJ and Paidoussis, MP},
	Date-Added = {2016-06-30 13:09:29 +0000},
	Date-Modified = {2016-06-30 13:20:44 +0000},
	Journal = {Journal of fluids and structures},
	Number = {7},
	Pages = {955--980},
	Publisher = {Elsevier},
	Title = {Cross-flow past an oscillating circular cylinder: Synchronization phenomena in the near wake},
	Volume = {15},
	Year = {2001}}

@article{anagnostopoulos2000numericalb,
	Author = {Anagnostopoulos, P},
	Date-Added = {2016-06-30 13:08:37 +0000},
	Date-Modified = {2016-06-30 13:08:47 +0000},
	Journal = {Journal of fluids and structures},
	Number = {6},
	Pages = {853--882},
	Publisher = {Elsevier},
	Title = {Numerical study of the flow past a cylinder excited transversely to the incident stream. Part 2: Timing of vortex shedding, aperiodic phenomena and wake parameters},
	Volume = {14},
	Year = {2000}}

@article{anagnostopoulos2000numerical,
	Author = {Anagnostopoulos, P},
	Date-Added = {2016-06-30 13:07:59 +0000},
	Date-Modified = {2016-06-30 13:07:59 +0000},
	Journal = {Journal of Fluids and Structures},
	Number = {6},
	Pages = {819--851},
	Publisher = {Elsevier},
	Title = {Numerical study of the flow past a cylinder excited transversely to the incident stream. Part 1: Lock-in zone, hydrodynamic forces and wake geometry},
	Volume = {14},
	Year = {2000}}

@article{blackburn1999study,
	Author = {Blackburn, Hugh M and Henderson, Ron D},
	Date-Added = {2016-06-30 13:07:12 +0000},
	Date-Modified = {2016-06-30 13:07:12 +0000},
	Journal = {Journal of Fluid Mechanics},
	Pages = {255--286},
	Publisher = {Cambridge Univ Press},
	Title = {A study of two-dimensional flow past an oscillating cylinder},
	Volume = {385},
	Year = {1999}}

@article{lu1996calculation,
	Author = {Lu, X-Y and Dalton, C},
	Date-Added = {2016-06-30 13:06:15 +0000},
	Date-Modified = {2016-06-30 13:06:15 +0000},
	Journal = {Journal of Fluids and Structures},
	Number = {5},
	Pages = {527--541},
	Publisher = {Elsevier},
	Title = {Calculation of the timing of vortex formation from an oscillating cylinder},
	Volume = {10},
	Year = {1996}}

@article{meneghini1995numerical,
	Author = {Meneghini, JR and Bearman, PW},
	Date-Added = {2016-06-30 13:04:18 +0000},
	Date-Modified = {2016-06-30 13:04:18 +0000},
	Journal = {Journal of Fluids and Structures},
	Number = {4},
	Pages = {435--455},
	Publisher = {Elsevier},
	Title = {Numerical simulation of high amplitude oscillatory flow about a circular cylinder},
	Volume = {9},
	Year = {1995},
	Bdsk-Url-1 = {https://scholar.google.co.uk/scholar.bib?q=info:covtSeElAwMJ:scholar.google.com/&output=citation&scisig=AAGBfm0AAAAAV3UbWxq5_p92nk-swvQAVrhc_M7YgCt4&scisf=4&hl=en}}

@article{gu1994timing,
	Author = {Gu, W and Chyu, C and Rockwell, D},
	Date-Added = {2016-06-30 13:02:50 +0000},
	Date-Modified = {2016-06-30 13:02:50 +0000},
	Journal = {Physics of Fluids (1994-present)},
	Number = {11},
	Pages = {3677--3682},
	Publisher = {AIP Publishing},
	Title = {Timing of vortex formation from an oscillating cylinder},
	Volume = {6},
	Year = {1994}}

@article{ongoren1988flow,
	Author = {Ongoren, A and Rockwell, D},
	Date-Added = {2016-06-30 13:01:53 +0000},
	Date-Modified = {2016-06-30 13:01:53 +0000},
	Journal = {Journal of Fluid Mechanics},
	Pages = {197--223},
	Publisher = {Cambridge Univ Press},
	Title = {Flow structure from an oscillating cylinder Part 1. Mechanisms of phase shift and recovery in the near wake},
	Volume = {191},
	Year = {1988}}

@article{zdravkovich1982modification,
	Author = {Zdravkovich, MM},
	Date-Added = {2016-06-30 13:00:38 +0000},
	Date-Modified = {2016-06-30 13:00:38 +0000},
	Journal = {Journal of Fluids Engineering},
	Number = {4},
	Pages = {513--517},
	Publisher = {American Society of Mechanical Engineers},
	Title = {Modification of vortex shedding in the synchronization range},
	Volume = {104},
	Year = {1982}}

@article{khalak1996dynamics,
	Author = {Khalak, A and Williamson, CHK},
	Date-Added = {2016-06-30 12:57:11 +0000},
	Date-Modified = {2016-06-30 12:57:11 +0000},
	Journal = {Journal of Fluids and Structures},
	Number = {5},
	Pages = {455--472},
	Publisher = {Elsevier},
	Title = {Dynamics of a hydroelastic cylinder with very low mass and damping},
	Volume = {10},
	Year = {1996}}

@phdthesis{feng1968measurement,
	Author = {Feng, CC},
	Date-Added = {2016-06-30 12:54:21 +0000},
	Date-Modified = {2016-06-30 12:54:21 +0000},
	School = {University of British Columbia},
	Title = {The measurement of vortex induced effects in flow past stationary and oscillating circular and d-section cylinders},
	Year = {1968}}

@article{williamson1988vform,
	Author = {C.H.K. Williamson and A. Roshko},
	Date-Added = {2016-06-30 10:24:38 +0000},
	Date-Modified = {2016-06-30 11:45:19 +0000},
	Doi = {10.1016/s0889-9746(88)90058-8},
	Issn = {0889-9746},
	Journal = {Journal of Fluids and Structures},
	Month = {07},
	Number = {4},
	Pages = {355-381},
	Publisher = {Elsevier BV},
	Title = {Vortex formation in the wake of an oscillating cylinder},
	Volume = {2},
	Year = {1988},
	Bdsk-Url-1 = {http://dx.doi.org/10.1016/s0889-9746(88)90058-8}}

@article{FLM:135953,
	Author = {GOVARDHAN,R. and WILLIAMSON,C. H. K.},
	Date-Added = {2016-06-30 10:17:51 +0000},
	Date-Modified = {2016-06-30 10:17:51 +0000},
	Doi = {10.1017/S0022112002002318},
	Issn = {1469-7645},
	Journal = {Journal of Fluid Mechanics},
	Month = {12},
	Numpages = {20},
	Pages = {147--166},
	Title = {Resonance forever: existence of a critical mass and an infinite regime of resonance in vortex-induced vibration},
	Url = {http://journals.cambridge.org/article_S0022112002002318},
	Volume = {473},
	Year = {2002},
	Bdsk-Url-1 = {http://journals.cambridge.org/article_S0022112002002318},
	Bdsk-Url-2 = {http://dx.doi.org/10.1017/S0022112002002318}}

@article{FLM373083,
	Author = {Griffin,Owen M. and Ramberg,Steven E.},
	Date-Added = {2016-06-30 10:15:23 +0000},
	Date-Modified = {2016-06-30 10:15:28 +0000},
	Doi = {10.1017/S002211207400036X},
	Issn = {1469-7645},
	Issue = {03},
	Journal = {Journal of Fluid Mechanics},
	Month = {11},
	Numpages = {24},
	Pages = {553--576},
	Title = {The vortex-street wakes of vibrating cylinders},
	Url = {http://journals.cambridge.org/article_S002211207400036X},
	Volume = {66},
	Year = {1974},
	Bdsk-Url-1 = {http://journals.cambridge.org/article_S002211207400036X},
	Bdsk-Url-2 = {http://dx.doi.org/10.1017/S002211207400036X}}

@article{FLM56925,
	Author = {GOVARDHAN,R. and WILLIAMSON,C. H. K.},
	Date-Added = {2016-06-30 09:50:32 +0000},
	Date-Modified = {2016-06-30 10:10:56 +0000},
	Doi = {10.1017/S0022112000001233},
	Issn = {1469-7645},
	Journal = {Journal of Fluid Mechanics},
	Month = {10},
	Numpages = {46},
	Pages = {85--130},
	Title = {Modes of vortex formation and frequency response of a freely vibrating cylinder},
	Url = {http://journals.cambridge.org/article_S0022112000001233},
	Volume = {420},
	Year = {2000},
	Bdsk-Url-1 = {http://journals.cambridge.org/article_S0022112000001233},
	Bdsk-Url-2 = {http://dx.doi.org/10.1017/S0022112000001233}}

@article{williamson2004vortex,
	Author = {Williamson, CHK and Govardhan, R},
	Date-Added = {2016-06-29 16:49:49 +0000},
	Date-Modified = {2016-06-29 16:49:49 +0000},
	Journal = {Annu. Rev. Fluid Mech.},
	Pages = {413--455},
	Publisher = {Annual Reviews},
	Title = {Vortex-induced vibrations},
	Volume = {36},
	Year = {2004},
	Bdsk-File-1 = {YnBsaXN0MDDUAQIDBAUGJCVYJHZlcnNpb25YJG9iamVjdHNZJGFyY2hpdmVyVCR0b3ASAAGGoKgHCBMUFRYaIVUkbnVsbNMJCgsMDxJXTlMua2V5c1pOUy5vYmplY3RzViRjbGFzc6INDoACgAOiEBGABIAFgAdccmVsYXRpdmVQYXRoWWFsaWFzRGF0YVtzY2hvbGFyLnR4dNIXCxgZV05TLmRhdGFPEQJOAAAAAAJOAAIAAAxNYWNpbnRvc2ggSEQAAAAAAAAAAAAAAAAAAADRsijZSCsAAACjvfoLc2Nob2xhci50eHQAAAAAAAAAAAAAAAAAAAAAAAAAAAAAAAAAAAAAAAAAAAAAAAAAAAAAAAAAAAAAAAAAAAAAAMauW9Oa18IAAAAAAAAAAAABAAIAAAkgAAAAAAAAAAAAAAAAAAAAClJlZmVyZW5jZXMAEAAIAADRshrJAAAAEQAIAADTmsmyAAAAAQAkAKO9+gCjvboAn7WGAJ+L9ACfi8wAscDyAAmc2QAJnNgAApg5AAIAlU1hY2ludG9zaCBIRDpVc2VyczoAemhvbmdsdWxpbjoARG9jdW1lbnRzOgBPbmVEcml2ZSAtIFVuaXZlcnNpdHkgT2YjQjFDMEYyOgBPbmVEcml2ZToAUGhEV29ya3M6AEZpcnN0X3llYXJfcmVwb3J0OgBGWVJfbGF0ZXg6AFJlZmVyZW5jZXM6AHNjaG9sYXIudHh0AAAOABgACwBzAGMAaABvAGwAYQByAC4AdAB4AHQADwAaAAwATQBhAGMAaQBuAHQAbwBzAGgAIABIAEQAEgCCVXNlcnMvemhvbmdsdWxpbi9Eb2N1bWVudHMvT25lRHJpdmUgLSBVbml2ZXJzaXR5IE9mIENhbWJyaWRnZS9PbmVEcml2ZS9QaERXb3Jrcy9GaXJzdF95ZWFyX3JlcG9ydC9GWVJfbGF0ZXgvUmVmZXJlbmNlcy9zY2hvbGFyLnR4dAATAAEvAAAVAAIAEf//AACABtIbHB0eWiRjbGFzc25hbWVYJGNsYXNzZXNdTlNNdXRhYmxlRGF0YaMdHyBWTlNEYXRhWE5TT2JqZWN00hscIiNcTlNEaWN0aW9uYXJ5oiIgXxAPTlNLZXllZEFyY2hpdmVy0SYnVHJvb3SAAQAIABEAGgAjAC0AMgA3AEAARgBNAFUAYABnAGoAbABuAHEAcwB1AHcAhACOAJoAnwCnAvkC+wMAAwsDFAMiAyYDLQM2AzsDSANLA10DYANlAAAAAAAAAgEAAAAAAAAAKAAAAAAAAAAAAAAAAAAAA2c=}}
